<?xml version="1.0" encoding="UTF-8"?>
<marc:collection xmlns="http://www.loc.gov/MARC21/slim" xmlns:marc="http://www.loc.gov/MARC21/slim" xmlns:xsi="http://www.w3.org/2001/XMLSchema-instance" xsi:schemaLocation="http://www.loc.gov/standards/marcxml/schema/MARC21slim.xsd">
  <record>
    <leader>00000npc a2200000 u 4500</leader>
    <datafield ind1=" " ind2=" " tag="040">
      <subfield code="a">DWP</subfield>
      <subfield code="c">DWP</subfield>
      <subfield code="e">dacs</subfield>
    </datafield>
    <datafield ind1="0" ind2="0" tag="245">
      <subfield code="a">Slave Contract Between George Broom and Ignatius Livers</subfield>
    </datafield>
    <datafield ind1=" " ind2=" " tag="300">
      <subfield code="a">1 Linear feet</subfield>
    </datafield>
    <datafield ind1="1" ind2=" " tag="545">
      <subfield code="a">- Little information from standard genealogy resources could be gleaned about the signatories. The 1820 U.S. Census indicates that Broom had one slave between age 14 and under 26. Broom died in July of 1828 and was buried in a walnut casket, location unknown.&#13;
&#13;
- Livers was born between 1752 and 1762. He died Jan. 7, 1821 and was also buried in a walnut casket, location unknown.&#13;
&#13;
- If anyone can decipher the [?] words, please do.</subfield>
    </datafield>
    <datafield ind1="1" ind2=" " tag="561">
      <subfield code="a">No accession record is extant for this item. </subfield>
    </datafield>
    <datafield ind1="2" ind2=" " tag="520">
      <subfield code="a">One box housing 1 manuscript sheet, size 7 13/16” x 12 13/16”. </subfield>
    </datafield>
  </record>
</marc:collection>

